@Article{minima,
title = {Multiple local minima in radiotherapy optimization problems with dose-volume constraints},
author = {J. O. Deasy},
journal = {American Association of Physicists in Medicine},
year = {1997},
month = {July}
}
@Article{dose-volume,
title = {An optimization algorithm for intensity modulated radiotherapy - The simulated dynamics with dose-volume constraints},
author = {Qing Hou and Jun Wang and Yan Chen and James M. Gavin},
journal = {American Association of Physicists in Medicine},
year = {2002},
month = {December}
}
@Article{math,
title = {Optimizing the Delivery of Radiation Therapy to Cancer Patients},
author = {David M. Shepard and Michael C. Ferris and Gustavo H. Olvera and T. Rockwell Mackie},
journal = {Annali dell'Istituto di Sanita},
year = {2001},
}
@Article{complexity,
title = {Optimization of intensity modulated radiation therapy : assessing the complexity of the problem},
author = {Simona Marzi and Maurizio Mattia and Paolo Del Giudice and Barbara Caccia and Marcello Benassi},
journal = {Society for Industrial and Applied Mathematics},
}
@Book{python,
author={C. Zhu and R. H. Byrd and J. Nocedal},
title={ACM Transactions on Mathenatical Software},
year={1997},
}
@Book{livre,
author={Roman G. Strongin and Yaroslav D. Sergeyev},
title={Global Optimization with Non-Convex Constraints},
year={2000},
}